@misc{git-flow,
  title = {GIT FLOW},
  howpublished = {\url{https://github.com/nvie/gitflow}},
  note = {Accessed: 2019-08-25}
}